% This file was created with JabRef 2.9.2.
% Encoding: Cp1252

@misc{warpProject,
	Title = {{WARP Project}},
	note   = {http://warpproject.org}
}

@CONFERENCE{CROWNCOM2014,
  author = {M. Abdelaziz and L. Anttila and J.R. Cavallaro and S. Bhattacharyya
	and A. Mohammadi and F.M. Ghannouchi and M. Juntti and M. Valkama},
  title = {Low-Complexity Digital Predistortion For Reducing Power Amplifier
	Spurious Emissions in Spectrally-Agile Flexible Radio},
  booktitle = {9th International Conference on Cognitive Radio Oriented Wireless
	Networks},
  year = {June 2014},
  owner = {M.Abdelaziz},
  timestamp = {2014.03.07}
}

@CONFERENCE{ICASSP2014,
  author = {M. Abdelaziz and L. Anttila and A. Mohammadi and F. Ghannouchi and
	M. Valkama},
  title = {Reduced-Complexity Power Amplifier Linearization for Carrier Aggregation
	Mobile Transceivers},
  booktitle = {IEEE International Conference on Acoustics, Speech, and Signal Processing},
  year = {May 2014},
  owner = {M.Abdelaziz},
  timestamp = {2014.01.21}
}

@CONFERENCE{Asilomar2013,
  author = {M. Abdelaziz and A. Ghazi and L. Anttila and J. Boutellier and T.
	L{\"a}hteensuo and X. Lu and J. Cavallaro and S. Bhattacharyya and
	M. Juntti and M. Valkama},
  title = {Mobile Transmitter Digital Predistortion: Feasibility Analysis, Algorithms
	and Design Exploration},
  booktitle = {47th Asilomar Conf. Signals Systems Computers, Pacific, Grove, CA,
	USA},
  year = {Nov. 2013},
  owner = {M.Abdelaziz},
  timestamp = {2013.10.25}
}

@ARTICLE{AkyildizSept.2006,
  author = {I.F. Akyildiz and W.-Y. Lee and M.C. Vuran and S. Mohanty},
  title = {Next Generation/Dynamic Spectrum Access/Cognitive Radio Wireless
	Networks: A Survey},
  journal = {Computer Networks},
  year = {Sept. 2006},
  volume = {50 no.13},
  pages = {2127-2159},
  owner = {M.Abdelaziz},
  timestamp = {2014.01.22}
}

@ARTICLE{L.AnttilaApril2010,
  author = {L. Anttila and P. H{\"a}ndel and M. Valkama},
  title = {Joint mitigation of power amplifier and {I/Q} modulator impairments
	in broadband direct-conversion transmitters},
  journal = {IEEE Trans. Microw. Theory Tech.},
  year = {April 2010},
  volume = {58},
  pages = {730-739},
  owner = {M.Abdelaziz},
  timestamp = {2014.03.07}
}

@ARTICLE{TransmitterArchitectureCA,
  author = {S.A. Bassam and W. Chen and M. Helaoui and F.M. Ghannouchi},
  title = {Transmitter Architecture for {CA}: {C}arrier {A}ggregation in {LTE}-{A}dvanced
	Systems},
  journal = {IEEE Microw. Mag.},
  year = {2013},
  volume = {14},
  owner = {M.Abdelaziz},
  timestamp = {2013.10.25}
}

@ARTICLE{S.A.BassamOct.2011,
  author = {S.A. Bassam and F.M. Ghannouchi and M. Helaoui},
  title = {2-{D} {D}igital {P}redistortion (2-{D}-{DPD}) Architecture for Concurrent
	Dual-Band Transmitters},
  journal = {IEEE Trans. Microw. Theory Tech.},
  year = {Oct. 2011},
  volume = {59},
  pages = {2547-2553},
  owner = {M.Abdelaziz},
  timestamp = {2013.10.25}
}

@ARTICLE{S.A.BassamAug.2012,
  author = {S.A. Bassam and M. Helaoui and F.M. Ghannouchi},
  title = {Channel-Selective Multi-Cell Digital Predistorter for Multi-Carrier
	Transmitters},
  journal = {IEEE Trans. Microw. Theory Tech.},
  year = {Aug. 2012},
  volume = {60},
  pages = {2344-2352},
  owner = {M.Abdelaziz},
  timestamp = {2013.10.25}
}

@BOOK{Cripps2002,
  title = {Advanced Techniques in {RF} Power Amplifier Design},
  publisher = {Norwood, MA: Artech House Publishers},
  year = {2002},
  author = {S.C. Cripps},
  owner = {M.Abdelaziz},
  timestamp = {2013.10.25}
}

@ARTICLE{ZoeTCOM2014,
  author = {Z. Fu and L. Anttila and M. Abdelaziz and M. Valkama and A. Wyglinski},
  title = {Frequency-Selective Digital Predistortion for Unwanted Emission Reduction},
  journal = {IEEE Trans. Commun.},
	year = {Jan. 2015},
  volume = {63, no. 1},
  pages = {254-267},
  owner = {M.Abdelaziz},
  timestamp = {2014.10.20}
}

@ARTICLE{GhannouchiDec.2009,
  author = {F. M. Ghannouchi and O. Hammi},
  title = {Behavioral modeling and predistortion},
  journal = {IEEE Microw. Mag.},
  year = {Dec. 2009},
  pages = {52-64},
  owner = {M.Abdelaziz},
  timestamp = {2014.03.07}
}

@ARTICLE{HaykinFeb.2005,
  author = {S. Haykin},
  title = {Cognitive radio: brain-empowered wireless communications},
  journal = {IEEE J. Sel. Areas Commun},
  year = {Feb. 2005},
  volume = {23, no. 2},
  pages = {201-220},
  owner = {M.Abdelaziz},
  timestamp = {2014.01.22}
}

@ARTICLE{J.KimJan.2013,
  author = {J. Kim and P. Roblin and D. Chaillot and Z. Xie},
  title = {A Generalized Architecture for the Frequency-Selective Digital Predistortion
	Linearization Technique},
  journal = {IEEE Trans. Microw. Theory Tech.},
  year = {Jan. 2013},
  volume = {61},
  pages = {596-605},
  owner = {M.Abdelaziz},
  timestamp = {2013.10.25}
}

@MASTERSTHESIS{LaehteensuoMay2013,
  author = {T. L{\"a}hteensuo},
  title = {{Linearity Requirements in {LTE A}dvanced Mobile Transmitter.}},
  school = {Tampere University of Technology, Tampere, Finland.},
  year = {May 2013.},
  owner = {M.Abdelaziz},
  timestamp = {2013.10.25}
}

%Available at: http://dspace.cc.tut.fi/dpub/handle/123456789/21504

@ARTICLE{LakiDec2012,
  author = {B. Laki and C. Kikkert},
  title = {Adaptive Digital Predistortion for Wideband High Crest Factor Applications
	Based on the {WACP} Optimization Objective: A Conceptual Overview},
  journal = {IEEE Trans. Broadcast.},
  year = {Dec. 2012},
  volume = {58},
  owner = {M.Abdelaziz},
  timestamp = {2014.02.27}
}

@CONFERENCE{V.LehtinenJan.2013,
  author = {V. Lehtinen and T. L{\"a}hteensuo and P. Vasenkari and A. Piipponen
	and M. Valkama},
  title = {Gating factor analysis of maximum power reduction in multicluster
	{LTE-A} uplink transmission},
  booktitle = {Proc. IEEE Radio and Wireless Symposium (RWS), Austin, TX},
  year = {Jan. 2013},
  owner = {M.Abdelaziz},
  timestamp = {2013.10.25}
}

@ARTICLE{ExtrapolationDPD2014,
  author = {Y. Ma and Y. Yamao and Y. Akaiwa and K. Ishibashi},
  title = {Wideband Digital Predistortion Using Spectral Extrapolation of Band-Limited
	Feedback Signal},
  journal = {IEEE Trans. Circuits Syst.},
  year = {2014},
  owner = {M.Abdelaziz},
  timestamp = {2014.03.07}
}

@ARTICLE{Razavi2010,
  author = {B. Razavi},
  title = {Cognitive radio design challenges and techniques},
  journal = {IEEE J. Solid-State Circuits},
  year = {2010},
  volume = {45, no. 8},
  pages = {1542�1553},
  owner = {M.Abdelaziz},
  timestamp = {2014.01.22}
}

@ARTICLE{P.RoblinJan.2008,
  author = {P. Roblin and S. K. Myoung and D. Chaillot and Y. G. Kim and A. Fathimulla
	and J. Strahler and S. Bibyk},
  title = {Frequency-Selective Predistortion Linearization of {RF} Power Amplifiers},
  journal = {IEEE Trans. Microw. Theory Tech.},
  year = {Jan. 2008},
  volume = {56},
  pages = {65-76},
  owner = {M.Abdelaziz},
  timestamp = {2013.10.25}
}

@ARTICLE{RoblinNov2013,
  author = {P. Roblin and C. Quindroit and N. Naraharisetti and S. Gheitanchi
	and M. Fitton},
  title = {Concurrent Linearization},
  journal = {IEEE Microw. Mag.},
  year = {Nov. 2013},
  pages = {75-91},
  owner = {M.Abdelaziz},
  timestamp = {2014.02.27}
}

@ARTICLE{CommagCA_LTE,
  author = {C. Park and L. Sundstr{\"o}m and A. Wallen and A. Khayrallah},
  title = {Carrier Aggregation for {LTE}-Advanced: Design Challenges of Terminals},
  journal = {IEEE Commun. Mag.},
  year = {Dec. 2013},
  pages = {76-84},
  owner = {M.Abdelaziz},
  timestamp = {2014.02.27}
}

@CONFERENCE{ThorebaeckNov.2012,
  author = {J. Thoreb{\"a}ck},
  title = {Digital predistortion � the evolution of linearized transmitters
	for radio basestations},
  booktitle = {Signal Processing for Amplifiers Workshop, Chalmers, Sweden},
  year = {Nov. 2012},
  owner = {M.Abdelaziz},
  timestamp = {2013.10.25}
}

@ARTICLE{BandLimitedVolterra2012,
  author = {C. Yu and L. Guan and E. Zhu and A. Zhu},
  title = {Band-Limited Volterra Series-Based Digital Predistortion for Wideband
	{RF} Power Amplifiers},
  journal = {IEEE Trans. Microw. Theory Tech.},
  year = {2012},
  volume = {60},
  pages = {4198-4208},
  number = {12},
  month = {Dec},
  doi = {10.1109/TMTT.2012.2222658},
  issn = {0018-9480},
  keywords = {Long Term Evolution;MOSFET;Volterra series;distortion;linearisation
	techniques;power amplifiers;radio receivers;radio transmitters;ultra
	wideband communication;wideband amplifiers;DPD model;DPD system design;Long-Term
	Evolution advanced signal;PA output;RF PA;Volterra operator;Volterra
	series-based model;band-limited Volterra series-based digital predistortion;frequency
	100 MHz;high-power LDMOS Doherty PA;linear-in-parameter model;linearization
	performance;radio frequency power amplifier;receiver chain;signal
	bandwidth;system bandwidth constraint;system performance;system requirement;transmitter
	chain;ultra-wideband system;wideband RF power amplifier;wideband
	signal;Accuracy;Frequency domain analysis;Nonlinear distortion;Predistortion;Radio
	frequency;Wideband;Behavioral model;Volterra series;digital predistortion
	(DPD);linearization;long-term evolution advanced (LTE-advanced);power
	amplifiers (PAs)}
}

@ARTICLE{ZhangAPRIL2009,
  author = {R. Zhang},
  title = {On Peak versus Average Interference Power Constraints for Protecting
	Primary Users in Cognitive Radio Networks},
  journal = {IEEE Trans. Wireless Commun.},
  year = {April 2009},
  volume = {8, no. 4},
  pages = {2112-2120},
  owner = {M.Abdelaziz},
  timestamp = {2014.01.22}
}

@TECHREPORT{cost231,
  title = {\emph{Digital Mobile Radio Towards Future Generation Systems}, COST
	231 Final Report
	
	Available at http://146.193.65.101/cost231/},
  owner = {M.Abdelaziz},
  timestamp = {2014.10.20}
}

@manual{ITU,
      title  = "International Telecommunication Union Radio Communication Sector, Recommendation {ITU-R} {SM}.329-12 Unwanted emissions in the spurious domain. 
	  Available at: https://www.itu.int/"      
}

@manual{WARPLab,
      title  = "WARPLab, http://warpproject.org/trac/wiki/WARPLab"      
 }

@ARTICLE{ComplexityAnalysis,
  author = {A.S. Tehrani and H. Cao and S. Afsardoost and T. Eriksson and M. Isaksson and C. Fager},
  title = {A Comparative Analysis of the Complexity/Accuracy Tradeoff in Power Amplifier 
  Behavioral Models},
  journal = {IEEE Trans. Microw. Theory Tech.},
  year = {June 2010},
  volume = {58},
  pages = {1510-1520}
}

@manual{PHYDYAS,
      title  = "INFO-ICT-211887 Project PHYDYAS, Physical layer for dynamic spectrum access and cognitive radio",
      author = "",
      url   = "http://www.ict-phydyas.org/",
      year   = "2009"
 }

@ARTICLE{5G_waveform_1,
  author = {J. G. Andrews et al.},
  title = {What will 5{G} be?},
  journal = {IEEE J. on Sel. Areas Commun.},
  year = {June 2014},
  volume = {32, no. 6},
  pages = {1065-1082},
  owner = {M.Abdelaziz},
  timestamp = {2014.01.22}
}
 
@ARTICLE{5G_waveform_2,
  author = {P.~Banelli and S.~Buzzi and G.~Colavolpe and A.~Modenini and F.~Rusek and A.~Ugolini},
  title = {Modulation formats  and waveforms for  5{G} networks: Who will  be the heir of {OFDM}?},
  journal = {IEEE Sig. Proc. Mag.},
  year = {Nov. 2014},
  volume = {31, no. 6},
  pages = {80-93},
  owner = {M.Abdelaziz},
  timestamp = {2014.01.22}
} 

@ARTICLE{5G_scenario,
  author = {A. Osseiran et al.},
  title = {Scenarios for 5{G} mobile and wireless communications: the vision of the {METIS} project},
  journal = {IEEE Com. Mag.},
  year = {May 2014},
  volume = {52, no. 5},
  pages = {26-35},
  owner = {M.Abdelaziz},
  timestamp = {2014.01.22}
} 

@ARTICLE{5G_Now,
  author = {G. Wunder et al.},
  title = {5{G}NOW: non-orthogonal, asynchronous waveforms for future mobile applications},
  journal = {IEEE Com. Mag.},
  year = {Feb. 2014},
  volume = {52, no. 2},
  pages = {97-105},
  owner = {M.Abdelaziz},
  timestamp = {2014.01.22}
} 

@ARTICLE{FBMC_PA,
  author = {H. Bogucka and P. Kryszkiewicz and A. Kliks},
  title = {Dynamic Spectrum Aggregation for Future 5{G} Communications},
  journal = {IEEE Com. Mag.},
  year = {May 2015},
	volume = {53, no. 5},
  pages = {35-43},
  owner = {M.Abdelaziz},
  timestamp = {2014.01.22}
}

@techreport{TI_DPD,
     title = {{Digital Radio Front-End strategies provide game-changing benefits for small cell base stations}},
     author = {H. Gandhi and D. Greenstreet and J. Quintal},
     year = {2013},
     institution = {Texas Instruments},
     month = {05}     
}

@ARTICLE{GreenComm,
  author = {L. Guan and A. Zhu},
  title = {Green Communications: Digital Predistortion for Wideband {RF} Power Amplifiers},
  journal = {IEEE Microw. Mag.},
  year = {Dec. 2014},
  volume = {15, no. 7},
  pages = {84-89},
  owner = {M.Abdelaziz},
  timestamp = {2013.10.25}
} 

@ARTICLE{OrthPloyDPD,
  author = {H. Qian and S. Yao and H. Huang and W. Feng},
  title = {A Low-Complexity Digital Predistortion Algorithm for Power Ampliﬁer Linearization},
  journal = {IEEE Trans. Broadcast.},
  year = {Dec. 2014},
  volume = {60, no. 4},
	pages = {670-678},
  owner = {M.Abdelaziz},
  timestamp = {2014.02.27}
}

@ARTICLE{SingleFB_DPD,
  author = {Y. Liu and J. Yan and P. Asbeck},
  title = {Concurrent Dual-Band Digital Predistortion With a Single Feedback Loop},
  journal = {IEEE Trans. Microw. Theory Tech.},
  year = {May 2015},
  volume = {63, no. 5},
  pages = {1556-1568}
}

@ARTICLE{Iterative_Orth,
  author = {W. Hoffmann},
  title = {Iterative algorithms for {Gram} {Schmidt} orthogonalization},
  journal = {Computing},
  year = {1989},
  volume = {41, no. 4},
  pages = {335-348}
}

@ARTICLE{Qualcomm_v5, 
 author={Codrescu, L. and Anderson, W. and Venkumanhanti, S. and Mao Zeng and Plondke, E. and Koob, C. and Ingle, A. and Tabony, C. and Maule, R.}, 
 journal={Micro, IEEE}, 
 title={Hexagon {DSP}: An Architecture Optimized for Mobile Multimedia and Communications}, 
 year={2014}, 
 month={Mar}, 
 volume={34}, 
 number={2}, 
 pages={34-43}, 
 keywords={digital signal processing chips;instruction sets;multimedia communication;Qualcomm hexagon DSP;VLIW instruction set architecture;application-specific instructions;battery life;energy efficiency;hardware multithreading;heterogeneous computing;image processing;mobile multimedia communications;mobile products;modem processing;multimedia acceleration;offloading multimedia tasks;Computer architecture;Digital signal processing;Instruction sets;Multimedia communication;Program processors;Hexagon DSP;digital signal processor;instruction set architecture;multimedia}, 
 doi={10.1109/MM.2014.12}, 
 ISSN={0272-1732},}

%author={Saint-Laurent, M. and Bassett, P. and Lin, K. and Mohammad, B. and Yuhe Wang and Xufeng Chen and Alradaideh, M. and Wernimont, T. and Ayyar, K. and Bui, D. and Galbi, D. and Lester, A. and Pedrali-Noy, M. and Anderson, W.}, 
 
@ARTICLE{Qualcomm_v5_hw, 
 author={M. Saint-Laurent et al.}, 
 journal={IEEE J. Solid-State Circuits}, 
 title={A 28 nm {DSP} Powered by an On-Chip {LDO} for High-Performance and Energy-Efficient Mobile Applications}, 
 year={2015}, 
 month={Jan}, 
 volume={50}, 
 number={1}, 
 pages={81-91}, 
 keywords={clock distribution networks;digital signal processing chips;flip-flops;high-k dielectric thin films;multi-threading;voltage regulators;DSP;Qualcomm Hexagon digital signal processor;VLIW machine;clock distribution network;clock gating cells;energy-efficient mobile applications;frequency 255 MHz to 1.24 GHz;head switch;high-κ metal gate technology;high-performance mobile applications;low leakage;low switching energy;low-dropout voltage regulator;multithreaded very-long- instruction-word machine;on-chip LDO;power consumption;pulsed latches;size 28 nm;ultra-low voltage operation;voltage 0.60 V;voltage 1.05 V;Clocks;Delays;Digital signal processing;Latches;Logic gates;Switches;Capacitor-less LDO;DSP;clock power reduction;leakage optimization;low power design;near-threshold computing;power gating;pulsed latches}, 
 doi={10.1109/JSSC.2014.2371454}, 
 ISSN={0018-9200},}
 
 @CONFERENCE{Asilomar2015,
  author = {M.~Abdelaziz and C.~Tarver and K.~Li and L.~Anttila and M.~Valkama and J.~Cavallaro},
  title = {Sub-band Digital Predistortion for Noncontiguous Transmissions: Algorithm Development and Real-Time Prototype Implementation},
  booktitle = {49th Asilomar Conf. Signals, Systems, and Computers, Pacific, Grove, CA, USA.},
  year = {Nov. 2015},
  owner = {M.Abdelaziz}
}

@ARTICLE{Braithwaite,
  author = {R.~Braithwaite},
  title = {Closed-Loop Digital Predistortion (DPD) Using an Observation Path With Limited Bandwidth},
  journal = {IEEE Trans. Microw. Theory Tech.},
  year = {Feb. 2015},
  volume = {63, no. 2},
  pages = {726-736}
}

@techreport{3GPP_CA_Emissions_1,
		 author = {Nokia},
		 institution = {3GPP},
     title = {{R4-121205 Way forward for non-contiguous intraband transmitter aspects.
     Available at: {http://www.3gpp.org/}}},	 
		 year = {Feb. 2013}							
}
%Available at: {http://www.3gpp.org/ftp/tsg\_ran/wg4\_radio/TSGR4\_62bis/Docs/}}},

@techreport{3GPP_CA_Emissions_2,
		 author = {Nokia},
		 institution = {3GPP},
     title = {{R4-124353, Non-contiguous intraband unwanted emission.
	   Available at: {http://www.3gpp.org/}}},
		 year = {Feb. 2013}
}
%Available at: {http://www.3gpp.org/ftp/tsg\_ran/wg4\_radio/TSGR4\_64/Docs/}}},

@techreport{3GPP_duplexer,
     author = {Ericsson and ST-Ericsson},
		 institution = {3GPP},
     title = {{R4-123797, UE reference sensitivity requirements with two UL carriers.
	   Available at: {http://www.3gpp.org/}}},
		 year = {Feb. 2013}
}
% Available at: {http://www.3gpp.org/ftp/tsg\_ran/wg4\_radio/TSGR4\_64/Docs/}}},

@INPROCEEDINGS{RWW_Vesa,
author={Lehtinen, V. and Lahteensuo, T. and Vasenkari, P. and Piipponen, A. and Valkama, M.},
booktitle={Radio and Wireless Symposium (RWS), 2013 IEEE},
title={Gating factor analysis of maximum power reduction in multicluster {LTE-A} uplink transmission},
year={2013},
pages={151-153},
keywords={3G mobile communication;Long Term Evolution;power amplifiers;radiofrequency amplifiers;telecommunication standards;3GPP;LTE-advanced standards;MPR formulas;RF PA linearizers;contradictory requirements;gating factor analysis;long term evolution standards;maximum power reduction;multicluster LTE-A uplink transmission;multicluster transmission;power efficiency;radio frequency power amplifiers;third generation partnership project;Bandwidth;Frequency measurement;Long Term Evolution;Power measurement;Radio frequency;Resource management;Uplink;Telecommunication standards;nonlinear distortion;radiofrequency amplifiers},
doi={10.1109/RWS.2013.6486671},
ISSN={2164-2958},
month={Jan},}

@ARTICLE{LTE_A_commag,
author={Zukang Shen and Papasakellariou, A. and Montojo, J. and Gerstenberger, D. and Fangli Xu},
journal={IEEE Com. Mag.},
title={{Overview of 3GPP LTE-advanced carrier aggregation for 4G wireless communications}},
year={2012},
volume={50},
number={2},
pages={122-130},
keywords={4G mobile communication;Long Term Evolution;mobility management (mobile radio);3GPP LTE-advanced carrier aggregation;4G wireless communications;CAPEX;LTE Rel-10;Long Term Evolution;OPEX;PHY-MAC procedures;deployment scenarios;mobility management;spectrum resources;user experience;4G mobile communication;Automatic repeat request;Bandwidth;Data communication;Mobile radio mobility management;Multiplexing;Wireless communication},
doi={10.1109/MCOM.2012.6146491},
ISSN={0163-6804},
month={February},}

@ARTICLE{LTE_A_Parkvall,
author={Parkvall, S. and Furuskar, A. and Dahlman, E.},
journal={IEEE Com. Mag.},
title={{Evolution of LTE toward IMT-advanced}},
year={2011},
volume={49},
number={2},
pages={84-91},
keywords={Long Term Evolution;multifrequency antennas;IMT-Advanced requirements;LTE Release 10;LTE-advanced;Long Term Evolution;multi-antenna support;Bandwidth;Base stations;Downlink;Interference;Next generation networking;OFDM;Time frequency analysis},
doi={10.1109/MCOM.2011.5706315},
ISSN={0163-6804},
month={February},}

@manual{Avago_Duplexer,
      title  = {Avago Band 25 LTE-Advanced UE Duplexer, ACMD-6125. Available at: http://docs.avagotech.com/docs/AV02-4214EN}   
 }

@manual{3GPP,
  title = {{LTE {E}volved {U}niversal {T}errestrial {R}adio {A}ccess {(E-UTRA)} {U}ser {E}quipment {(UE)} radio transmission and reception, 3GPP TS 36.101 V12.4.0 (Release 12)}},
  year = {June 2014}
}

@manual{3GPP2,
  title = {{LTE {E}volved {U}niversal {T}errestrial {R}adio {A}ccess {(E-UTRA)} {RF system scenarios}, 3GPP TR 36.942 V10.2.0 (Release 10)}},
  year = {May 2011}
}

@ARTICLE{RX_Desens_Cancellation_Chao,
author={Chao Yu and Wenhui Cao and Yan Guo and A. Zhu},
journal={IEEE Trans. Microw. Theory Tech.},
title={{Digital Compensation for Transmitter Leakage in Non-Contiguous Carrier Aggregation Applications With FPGA Implementation}},
year={2015},
volume={63},
number={12},
pages={4306-4318},
keywords={compensation;distortion;field programmable gate arrays;radio transceivers;FPGA;GDES;concurrent multiband transceivers;digital circuits;digital compensation;envelope-dependent nonlinearity;field programmable gate array;generalized dual-basis envelope-dependent sideband distortion model structure;noncontiguous carrier aggregation;nonlinear basis function;transmitter leakage;Amplitude modulation;Complexity theory;Integrated circuit modeling;Nonlinear distortion;Receivers;Transmitters;Behavioral model;carrier aggregation;multi-band;power amplifiers;transmitter leakage suppression},
doi={10.1109/TMTT.2015.2495144},
ISSN={0018-9480},
month={Dec},}

@ARTICLE{RX_Desens_Cancellation_Adnan,
author={A. Kiayani and M. Abdelaziz and L. Anttila and V. Lehtinen and M. Valkama},
journal={IEEE Trans. Microw. Theory Tech.},
title={{Digital Mitigation of Transmitter-Induced Receiver Desensitization in Carrier Aggregation FDD Transceivers}},
year={2015},
volume={63},
number={11},
pages={3608-3623},
keywords={Long Term Evolution;receivers;transceivers;RX desensitization;adaptive digital identification and cancellation technique;carrier aggregation FDD transceivers;commercial LTE mobile device;digital mitigation;frequency division duplexing devices;nonlinear RF front-end;recursive least squares algorithm;transmitter-induced receiver desensitization;Baseband;Interference;Long Term Evolution;Noise;Nonlinear distortion;Radio frequency;Transceivers;Carrier aggregation (CA);frequency division duplexing (FDD);in-phase-quadrature (I/Q) imbalance;interference cancellation;intermodulation distortion (IMD);long-term evolution (LTE)-Advanced;spurious emissions},
doi={10.1109/TMTT.2015.2478005},
ISSN={0018-9480},
month={Nov},}

@ARTICLE{DPD_General,
author={Wan-Jong Kim and S. P. Stapleton and Jong Heon Kim and C. Edelman},
journal={IEEE Microwave Magazine},
title={Digital predistortion linearizes wireless power amplifiers},
year={2005},
volume={6},
number={3},
pages={54-61},
keywords={electronic design automation;linearisation techniques;microwave power amplifiers;signal processing;table lookup;DP system;DSP;EDA software;LUT coefficient;RF hardware;RF signal source;adaptive DP;adaptive algorithm;analog manipulation;digital predistortion;interconnected test equipment;linearization method;vector signal analyzer;wireless power amplifiers;Adaptive systems;Digital signal processing;Electronic design automation and methodology;Hardware;Power amplifiers;Power system interconnection;Predistortion;Radio frequency;Radiofrequency amplifiers;Test equipment},
doi={10.1109/MMW.2005.1511914},
ISSN={1527-3342},
month={Sept},}

@ARTICLE{Commag_abdelaziz,
author={M. Abdelaziz and Z. Fu and L. Anttila and A. M. Wyglinski and M. Valkama},
journal={IEEE Commun. Mag.},
title={{Digital predistortion for mitigating spurious emissions in spectrally agile radios}},
year={2016},
volume={54},
number={3},
pages={60-69},
keywords={5G mobile communication;Bandwidth;Complexity theory;Linearity;Mobile communication;Predistortion;Radio frequency;Radio transmitters},
doi={10.1109/MCOM.2016.7432149},
ISSN={0163-6804},
month={March},}

@ARTICLE{TMTT_SubbandDPD,
  author = {M.~Abdelaziz and L.~Anttila and C.~Tarver and K.~Li and J.~Cavallaro and M.~Valkama},
  title = {{Low-Complexity Sub-band Digital Predistortion for Spurious Emission Suppression in Noncontiguous
Spectrum Access}},
  journal = {IEEE Trans. Microw. Theory Tech.},
  year = {2016, Accepted}
}

@ARTICLE{Khan2014, 
	author={Z. Khan and H. Ahmadi and E. Hossain and M. Coupechoux and L. A. Dasilva and J. J. Lehtomäki}, 
	journal={IEEE Network}, 
	title={Carrier aggregation/channel bonding in next generation cellular networks: methods and challenges}, 
	year={2014}, 
	volume={28}, 
	number={6}, 
	pages={34-40}, 
	keywords={cellular radio;next generation networks;telecommunication channels;telecommunication signalling;carrier aggregation-channel bonding;cellular systems;control signaling;frequency carriers aggregation;next generation cellular networks;shared access bands;spectral resources;wireless industry;5G mobile communication;Aggregation;Heuristic algorithms;IEEE 802.11 Standards;Interference;Next generation networking;Wireless communication}, 
	doi={10.1109/MNET.2014.6963802}, 
	ISSN={0890-8044}, 
	month={Nov},}

@misc{wannstrom_2013, 
	title={{Carrier Aggregation Explained}}, 
	url={http://www.3gpp.org/technologies/keywords-acronyms/101-carrier-aggregation-explained}, 
	note={3GPP}, 
	author={Wannstrom, Jeanette }, 
	year={2013}, 
	month={Jun}}

@misc{Cisco16,
	title = {{White paper: Cisco VNI Forecast and Methodology, 2015-2020}},
	url={https://www.cisco.com/c/en/us/solutions/collateral/service-provider/visual-networking-index-vni/complete-white-paper-c11-481360.html}, 
	publisher={Cisco}, 
	year={2016}, 
	month={Jun}}

@misc{Federated17,
	author = {Iyad Tarazi},
	title = {{Solving The Spectrum Challenge}},
	url={http://www.federatedwireless.com/solving-the-spectrum-challenge/}, 
	note={Federated Wireless}, 
	year={2017}, 
	month={Mar}}

@ARTICLE{Staple04, 
	author={G. Staple and K. Werbach}, 
	journal={IEEE Spectrum}, 
	title={{The End of Spectrum Scarcity: Spectrum Allocation and Utilization}}, 
	year={2004}, 
	volume={41}, 
	number={3}, 
	pages={48-52}, 
	keywords={frequency allocation;interference (signal);radiocommunication;available frequencies;government licences;interference;radio technologies;receivers;spectrum allocation;spectrum availability;spectrum scarcity;spectrum shortage;spectrum utilization;transmitters;Business;Cellular phones;FCC;Government;Licenses;Millimeter wave technology;Propulsion;Radio frequency;Satellite broadcasting;Wireless sensor networks}, 
	doi={10.1109/MSPEC.2004.1270548}, 
	ISSN={0018-9235}, 
	month={March},}


@ARTICLE{Katz16, 
	author={A. Katz and J. Wood and D. Chokola}, 
	journal={IEEE Microwave Magazine}, 
	title={The Evolution of PA Linearization: From Classic Feedforward and Feedback Through Analog and Digital Predistortion}, 
	year={2016}, 
	volume={17}, 
	number={2}, 
	pages={32-40}, 
	keywords={feedback amplifiers;feedforward amplifiers;linearisation techniques;millimetre wave power amplifiers;PA linearization;analog predistortion;classic feedforward;digital predistortion;feedback;frequency 100 GHz;history;millimeter wave bands;multioctave analog predistorters;power amplifier;predistortion linearization;Bandwidth;Distortion;Feedforward neural networks;Predistortion;Silicon compounds}, 
	doi={10.1109/MMM.2015.2498079}, 
	ISSN={1527-3342}, 
	month={Feb},}

@ARTICLE{Ghannouchi09, 
	author={F. M. Ghannouchi and O. Hammi}, 
	journal={IEEE Microwave Magazine}, 
	title={Behavioral modeling and predistortion}, 
	year={2009}, 
	volume={10}, 
	number={7}, 
	pages={52-64}, 
	keywords={code division multiple access;nonlinear distortion;DUT behavior;RF PA;WCDMA signal;behavioral modelling;closed-loop wideband linearization;dynamic nonlinearities;frequency 60 MHz;in-band distortion;memory effects;software digital predistortion solution;static nonlinearity;Circuit testing;Linearity;Linearization techniques;Mathematical model;Multiaccess communication;OFDM;Peak to average power ratio;Power generation;Predistortion;Radio frequency}, 
	doi={10.1109/MMM.2009.934516}, 
	ISSN={1527-3342}, 
	month={Dec},}

@ARTICLE{Park13, 
	author={C. S. Park and L. Sundström and A. Wallén and A. Khayrallah}, 
	journal={IEEE Communications Magazine}, 
	title={Carrier aggregation for LTE-advanced: design challenges of terminals}, 
	year={2013}, 
	volume={51}, 
	number={12}, 
	pages={76-84}, 
	abstract={Carrier aggregation is a key feature of 3GPP LTE that addresses the support of higher data rates and utilization of fragmented spectrum holdings. In this article, the relevant design challenges of terminals are discussed. The transmitter architectures are reviewed, and the minimum amount of power amplifier back-offs is evaluated. In addition, several receiver architectures are compared from the perspective of design tradeoff. The radio impairments affecting the receiver performance are analyzed and the simulation results are provided. The corresponding silicon implementation is presented together with the measurement results.}, 
	keywords={Long Term Evolution;power amplifiers;3GPP LTE;carrier aggregation;fragmented spectrum holdings;power amplifier;receiver architectures;silicon implementation;Base stations;Communication services;Long Term Evolution;Radio frequency;Receivers;Resource management;Transmitters}, 
	doi={10.1109/MCOM.2013.6685761}, 
	ISSN={0163-6804}, 
	month={December},}